% This file was created with JabRef 2.4.2.
% Encoding: Cp1252

@INPROCEEDINGS{bib-lable,
  author = {Nameofauthor surnameofauthor and Nameofauthor2 surnameofauthor2},
  title = {titleofpaper},
  booktitle = {booktitle},
  year = {2007},
  pages = {1831-1834},
  bibsource = {bibsource}
}