@inproceedings{itiv-ref,
	author       = {Harbaum, T. and Seboui, M. and Balzer, M. and Becker, J. and Weber, M.},
	year         = {2016},
	title        = {A Content Adapted FPGA Memory Architecture with Pattern Recognition Capability for L1 Track Triggering in the LHC Environment},
	pages        = {184-191},
	booktitle    = {24th IEEE International Symposium on Field-Programmable Custom Computing Machines, FCCM 2016; Washington; United States; 1 May 2016 through 3 May 2016},
	doi          = {10.1109/FCCM.2016.52},
	publisher    = {{Institute of Electrical and Electronics Engineers Inc., New York (NY)}},
	isbn         = {978-1-5090-2356-1},
	note         = {54.02.02; LK 01},
	language     = {english}
}
